@misc{daemon_manpage,
    title = {Ubuntu manpage on daemons},
    url = {https://manpages.ubuntu.com/manpages/bionic/man7/daemon.7.html}
}
@misc{inotify_manpage,
    title = {inotify manpage},
    url = {https://linux.die.net/man/7/inotify}
}
@misc{daemon_command_minix,
    title  = {MINIX manpage on daemon command},
    url = {https://www.unix.com/man-page/minix/1/daemon/}
}
@misc{openssl_evp,
    title = {OpenSSL EVP documentation},
    url = {https://www.openssl.org/docs/man1.1.1/man7/evp.html}
}
@misc{signals_manpage,
    title = {Signals manpage Linux},
    url = {https://www.man7.org/linux/man-pages/man7/signal.7.html}
}